@Misc{numpy,
howpublished = {\url{http://www.numpy.org/}},
title = {Numpy},
}

@Misc{matplotlib,
howpublished = {\url{https://matplotlib.org/}},
title = {matplotlib},
}

@Misc{sklearn,
howpublished = {\url{http://scikit-learn.org/stable/}},
title = {scikit-learn},
}

@misc{boston,
  title={UCI machine learning repository},
  author={Asuncion, Arthur and Newman, David},
  year={2007}
}