@article{medical1,
  title={Data science in healthcare: implications for early career investigators},
  author={Bhavnani, Sanjeev P and Mu{\~n}oz, Daniel and Bagai, Akshay},
  journal={Circulation: Cardiovascular Quality and Outcomes},
  volume={9},
  number={6},
  pages={683--687},
  year={2016},
  publisher={Am Heart Assoc}
}

@article{medical2,
  title={Big Data Science and its Applications in Health and Medical Research: Challenges and Opportunities},
  author={Liang, Y and Kelemen, A},
  journal={Austin Journal of Biometrics \& Biostatistics},
  volume={7},
  number={3},
  year={2016}
}

@article{media1,
  title={Data Science and Social Network: Big Data, Small World},
  author={Xiao-fan, WANG},
  journal={Science and Society},
  volume={1},
  pages={003},
  year={2014}
}

@phdthesis{media2,
  title={Data science for modeling opinion dynamics on social media},
  author={Vande Kerckhove, Corentin},
  year={2017},
  school={UCL-Universit{\'e} Catholique de Louvain}
}

@article{finance,
  title={Data science and political economy: application to financial regulatory structure},
  author={Oâ€™Halloran, Sharyn and Maskey, Sameer and McAllister, Geraldine and Park, David K and Chen, Kaiping},
  journal={RSF},
  year={2016},
  publisher={Russell Sage Foundation}
}

@Misc{numpy,
howpublished = {\url{http://www.numpy.org/}},
title = {Numpy},
}

@Misc{matplotlib,
howpublished = {\url{https://matplotlib.org/}},
title = {matplotlib},
}

@Misc{pandas,
howpublished = {\url{http://pandas.pydata.org/}},
title = {Pandas},
}

@Misc{sklearn,
howpublished = {\url{http://scikit-learn.org/stable/}},
title = {scikit-learn},
}