@inproceedings{relu,
  title={Rectified linear units improve restricted boltzmann machines},
  author={Nair, Vinod and Hinton, Geoffrey E},
  booktitle={Proceedings of the 27th international conference on machine learning (ICML-10)},
  pages={807--814},
  year={2010}
}

@article{adam,
  title={Adam: A method for stochastic optimization},
  author={Kingma, Diederik and Ba, Jimmy},
  journal={arXiv preprint arXiv:1412.6980},
  year={2014}
}

@Misc{numpy,
howpublished = {\url{http://www.numpy.org/}},
title = {Numpy},
}

@Misc{matplotlib,
howpublished = {\url{https://matplotlib.org/}},
title = {matplotlib},
}

@Misc{sklearn,
howpublished = {\url{http://scikit-learn.org/stable/}},
title = {scikit-learn},
}

@misc{boston,
  title={UCI machine learning repository},
  author={Asuncion, Arthur and Newman, David},
  year={2007}
}
@article{alg,
  title={Kernel-based conditional independence test and application in causal discovery},
  author={Zhang, Kun and Peters, Jonas and Janzing, Dominik and Sch{\"o}lkopf, Bernhard},
  journal={arXiv preprint arXiv:1202.3775},
  year={2012}
}

@article{pc-alg,
  title={An algorithm for fast recovery of sparse causal graphs},
  author={Spirtes, Peter and Glymour, Clark},
  journal={Social science computer review},
  volume={9},
  number={1},
  pages={62--72},
  year={1991},
  publisher={Sage Publications Sage CA: Thousand Oaks, CA}
}

@inproceedings{HSIC,
  title={A kernel statistical test of independence},
  author={Gretton, Arthur and Fukumizu, Kenji and Teo, Choon H and Song, Le and Sch{\"o}lkopf, Bernhard and Smola, Alex J},
  booktitle={Advances in neural information processing systems},
  pages={585--592},
  year={2008}
}

@Misc{dataA,
howpublished = {\url{https://www.csie.ntu.edu.tw/~cjlin/libsvmtools/datasets/}},
title = {LIBSVM Data: Classification, Regression, and Multi-label}
}

@Misc{madelon,
howpublished = {\url{http://archive.ics.uci.edu/ml/datasets/Madelon}},
title = {Madelon Data Set}
}

@Misc{splice,
howpublished = {\url{http://archive.ics.uci.edu/ml/datasets/Molecular+Biology+%28Splice-junction+Gene+Sequences%29}},
title = {Molecular Biology (Splice-junction Gene Sequences) Data Set}
}

@Misc{satimage,
howpublished = {\url{https://archive.ics.uci.edu/ml/datasets/Statlog+(Landsat+Satellite)}},
title = {Statlog (Landsat Satellite) Data Set}
}

@Misc{convex,
howpublished = {\url{http://www.iro.umontreal.ca/~lisa/twiki/bin/view.cgi/Public/ConvexNonConvex}},
title = {ConvexNonConvex}
}

@Misc{dataB,
howpublished = {\url{http://www.iro.umontreal.ca/~lisa/twiki/bin/view.cgi/Public/WebHome)}},
title = {LISA}
}

@Misc{optim_example,
howpublished = {\url{http://cs231n.github.io/neural-networks-3/}},
title = {CS231n: Convolutional Neural Networks for Visual Recognition}
}

@Misc{cifar-10,
howpublished = {\url{http://www.cs.utoronto.ca/~kriz/cifar.html}},
title = {The CIFAR-10 dataset}
}

@Misc{bench1,
howpublished = {\url{https://code.google.com/archive/p/cuda-convnet/}},
title = {cuda-convnet}
}

@article{bench2,
  title={Fractional max-pooling},
  author={Graham, Benjamin},
  journal={arXiv preprint arXiv:1412.6071},
  year={2014}
}

@article{bench3,
  title={Batch-normalized maxout network in network},
  author={Chang, Jia-Ren and Chen, Yong-Sheng},
  journal={arXiv preprint arXiv:1511.02583},
  year={2015}
}

@article{bench4,
  title={Network in network},
  author={Lin, Min and Chen, Qiang and Yan, Shuicheng},
  journal={arXiv preprint arXiv:1312.4400},
  year={2013}
}

@article{bench5,
  title={Maxout networks},
  author={Goodfellow, Ian J and Warde-Farley, David and Mirza, Mehdi and Courville, Aaron and Bengio, Yoshua},
  journal={arXiv preprint arXiv:1302.4389},
  year={2013}
}

@inproceedings{bench6,
  title={Multi-column deep neural networks for image classification},
  author={Ciregan, Dan and Meier, Ueli and Schmidhuber, J{\"u}rgen},
  booktitle={Computer vision and pattern recognition (CVPR), 2012 IEEE conference on},
  pages={3642--3649},
  year={2012},
  organization={IEEE}
}

@inproceedings{bench7,
  title={Convolutional kernel networks},
  author={Mairal, Julien and Koniusz, Piotr and Harchaoui, Zaid and Schmid, Cordelia},
  booktitle={Advances in neural information processing systems},
  pages={2627--2635},
  year={2014}
}

@article{bench8,
  title={PCANet: A simple deep learning baseline for image classification?},
  author={Chan, Tsung-Han and Jia, Kui and Gao, Shenghua and Lu, Jiwen and Zeng, Zinan and Ma, Yi},
  journal={IEEE Transactions on Image Processing},
  volume={24},
  number={12},
  pages={5017--5032},
  year={2015},
  publisher={IEEE}
}

@article{bench9,
  title={Renet: A recurrent neural network based alternative to convolutional networks},
  author={Visin, Francesco and Kastner, Kyle and Cho, Kyunghyun and Matteucci, Matteo and Courville, Aaron and Bengio, Yoshua},
  journal={arXiv preprint arXiv:1505.00393},
  year={2015}
}
@article{bench10,
  title={Spatially-sparse convolutional neural networks},
  author={Graham, Benjamin},
  journal={arXiv preprint arXiv:1409.6070},
  year={2014}
}

@Misc{bench,
howpublished = {\url{http://rodrigob.github.io/are_we_there_yet/build/classification_datasets_results.html}},
title = {Classification datasets results}
}